@article{KITTI2013,
author = {Geiger, A. and Lenz, P. and Stiller, C. and Urtasun, R.},
journal = {IJRR},
title = {{Vision meets robotics: The KITTI dataset}},
year = {2013}
}


@inproceedings{Cordts2016,
author = {Cordts, Marius and Omran, Mohamed and Ramos, Sebastian and Rehfeld, Timo and Enzweiler, Markus and Benenson, Rodrigo and Franke, Uwe and Roth, Stefan and Schiele, Bernt},
booktitle = {CVPR},
title = {{The Cityscapes Dataset for Semantic Urban Scene Understanding}},
year = {2016}
}

@inproceedings{Butler2012,
author = {Butler, Daniel J. and Wulff, Jonas and Stanley, Garrett B. and Black, Michael J.},
booktitle = {ECCV},
title = {{A naturalistic open source movie for optical flow evaluation}},
year = {2012}
}

@book{GonzalezW08,
  author    = {Rafael C. Gonz{\'{a}}lez and
               Richard E. Woods},
  title     = {Digital image processing, 3rd Edition},
  publisher = {Pearson Education},
  year      = {2008},
  url       = {http://www.worldcat.org/oclc/241057034},
  isbn      = {9780135052679},
  timestamp = {Wed, 03 May 2017 18:39:06 +0200},
  biburl    = {https://dblp.org/rec/books/lib/GonzalezW08.bib},
  bibsource = {dblp computer science bibliography, https://dblp.org}
}

@inproceedings{Junhyuk2016,
author={Oh, Junhyuk and Chockalingam, Valliappa and Singh, Satinder and Lee, Honglak},
booktitle={ICML},
title={Control of Memory, Active Perception, and Action in Minecraft},
year={2016}
}




@inproceedings{Mayer2016,

author = {Mayer, Nikolaus and Ilg, Eddy and H{\"{a}}usser, Philip and Fischer, Philipp and Cremers, Daniel and Dosovitskiy, Alexey and Brox, Thomas},
booktitle = {CVPR},

title = {{A Large Dataset to Train Convolutional Networks for Disparity, Optical Flow, and Scene Flow Estimation}},

year = {2016}
}



@inproceedings{Tremblay2018,

author = {Tremblay, Jonathan and Prakash, Aayush and Acuna, David and Brophy, Mark and Jampani, Varun and Anil, Cem and To, Thang and Cameracci, Eric and Boochoon, Shaad and Birchfield, Stan},

journal = {IEEE Comput. Soc. Conf. Comput. Vis. Pattern Recognit. Work.},


title = {Training deep networks with synthetic data: Bridging the reality gap by domain randomization},

year = {2018},
}

@inproceedings{Godard2019monodepth2,
author = {Godard, Cl{\'{e}}ment and {Mac Aodha}, Oisin and Firman, Michael and Brostow, Gabriel},
booktitle = {CVPR},
title = {{Digging Into Self-Supervised Monocular Depth Estimation}},
year = {2019}
}


@inproceedings{Atapour2018,
author = {Atapour-Abarghouei, Amir and Breckon, Toby P.},
booktitle = {CVPR},
title = {{Real-Time Monocular Depth Estimation Using Synthetic Data with Domain Adaptation via Image Style Transfer}},
year = {2018}
}


@inproceedings{ChenSKX15,
  author    = {Chenyi Chen and
               Ari Seff and
               Alain L. Kornhauser and
               Jianxiong Xiao},
  title     = {DeepDriving: Learning Affordance for Direct Perception in Autonomous
               Driving},
  booktitle = {2015 {IEEE} International Conference on Computer Vision, {ICCV} 2015,
               Santiago, Chile, December 7-13, 2015},
  
  year      = {2015}
}

@article{fong2003survey,
  title={A survey of socially interactive robots},
  author={Fong, Terrence and Nourbakhsh, Illah and Dautenhahn, Kerstin},
  journal={Robotics and autonomous systems},
  
  year={2003}
  
}
@inproceedings{fraundorfer2007topological,
  title={Topological mapping, localization and navigation using image collections},
  author={Fraundorfer, Friedrich and Engels, Christopher and Nist{\'e}r, David},
  booktitle={2007 IEEE/RSJ International Conference on Intelligent Robots and Systems},
 
  year={2007}
}

@inproceedings{Zhou2017,
    author = {Zhou, Tinghui and Matthew Brown},
    booktitle = {CVPR},
    title = {{Unsupervised Learning of Depth and Ego-Motion from Video}},
    year = {2017}
}
@inproceedings{Max2015stn,
    author = {Jaderberg, Max and Simonyan, Karen and Zisserman, Andrew and Kavukcuoglu, Koray and Bishop, Charles A},
    booktitle = {NIPS},
    title = {{Spatial Transformer Networks}},
    year = {2015}
}


@inproceedings{Ranjan2019,
    author = {Ranjan, Anurag and Jampani, Varun},
    booktitle = {CVPR},
    title = {Competitive Collaboration: Joint Unsupervised Learning of Depth, Camera Motion, Optical Flow and Motion Segmentation},
    year = {2019}
}


@inproceedings{Bian2019,
    author = {Bian, Jia-Wang and Li, Zhichao and Wang, Naiyan and Zhan, Huangying and Shen, Chunhua and Cheng, Ming-Ming and Reid, Ian},
    booktitle = {NIPS},
    title = {Unsupervised Scale-consistent Depth and Ego-motion Learning from Monocular Video},
    year = {2019}
}

@inproceedings{Dai2019,
    author = {Dai, Qi and Patil, Vaishakh and Hecker, Simon and Dai, Dengxin and {Van Gool}, Luc and Schindler, Konrad},
    title = {Self-supervised Object Motion and Depth Estimation from Video},
    booktitle ={CVPR},
    year = {2019}
}
@inproceedings{Zou2018dfnet,
    author = {Zou, Yuliang and Luo, Zelun and Huang, Jia Bin},
    booktitle = {ECCV},
    title = {{DF-Net: Unsupervised Joint Learning of Depth and Flow Using Cross-Task Consistency}},
    year = {2018}
}

@inproceedings{Meister2018unflow,
    author = {Meister, Simon and Hur, Junhwa and Roth, Stefan},
    booktitle = {AAAI},
    title = {{UnFlow : Unsupervised Learning of Optical Flow with a Bidirectional Census Loss}},
    year = {2017}
}
@inproceedings{Mahjourian2018,
    author = {Mahjourian, Reza and Wicke, Martin and Angelova, Anelia},
    booktitle = {CVPR},
    title = {{Unsupervised Learning of Depth and Ego-Motion from Monocular Video Using 3D Geometric Constraints}},
    year = {2018}
}

@inproceedings{Wang2018,
    author = {Jos, Chaoyang Wang and Buenaposada, Miguel and Zhu, Rui and Lucey, Simon and Mellon, Carnegie and Juan, Rey},
    booktitle = {CVPR},
    title = {{Learning Depth from Monocular Videos using Direct Methods}},
    year = {2018}
}



@inproceedings{Yin2018geonet,
    author = {Yin, Zhichao and Shi, Jianping},
    booktitle = {CVPR},
    title = {{GeoNet: Unsupervised Learning of Dense Depth, Optical Flow and Camera Pose}},
    year = {2018}
}
@inproceedings{Godard2017monodepth,
author = {Godard, Cl{\'{e}}ment and {Mac Aodha}},
booktitle = {CVPR},
title = {{Unsupervised monocular depth estimation with left-right consistency}},
year = {2017}
}

@inproceedings{Yang2018lego,
    author = {Yin, Zhichao and Shi, Jianping},
    booktitle = {CVPR},
    title = {{LEGO : Learning Edge with Geometry all at Once by Watching Videos}},
    year = {2018}
}
@inproceedings{Yang2018ea,
    author = {Rocha, Celso Henrique Santos},
    booktitle = {AAAI},
    title = {{Unsupervised Learning of Geometry from Videos with Edge-Aware Depth-Normal Consistency}},
    year = {2018}
}

@inproceedings{Kuznietsov2017,
    author = {Kuznietsov, Yevhen and Leibe, Bastian},
    booktitle = {CVPR},
    title = {{Semi-supervised deep learning for monocular depth map prediction}},
    year = {2017}
}

@inproceedings{Eigen2014,
    author = {Eigen},
    booktitle = {NIPS},
    title = {Depth Map Prediction from a Single Image using a Multi-Scale Deep Network},
    year = {2014}
}
@inproceedings{Eigen2015,
    author = {Eigen, David and Fergus, Rob},
    booktitle = {ICCV},
    title = {{Predicting depth, surface normals and semantic labels with a common multi-scale convolutional architecture}},
    year = {2015}
}

@inproceedings{Xu2017,
    author = {Xu, Dan and Ricci, Elisa and Ouyang, Wanli and Wang, Xiaogang and Sebe, Nicu},
    title = {{Multi-Scale Continuous CRFs as Sequential Deep Networks for Monocular Depth Estimation}},
    booktitle = {CVPR},
    year = {2017}
}

@inproceedings{2015WangPeng,
    author = {Wang, Peng and Shen, Xiaohui and Lin, Zhe and Cohen, Scott and Price, Brian and Yuille, Alan},
    booktitle = {CVPR},
    title = {{Towards Unified Depth and Semantic Prediction from a Single Image}},
    year = {2015}
}

@inproceedings{WangPeng2016surge,
    author = {Wang, Peng and Shen, Xiaohui and Russell, Bryan and Cohen, Scott and Price, Brian and Yuille, Alan L},
    booktitle = {NIPS},
    title = {{SURGE: Surface Regularized Geometry Estimation from a Single Image}},
    year = {2016}
}
@inproceedings{Krahenbuhl2011,
author = {Kr{\"{a}}henb{\"{u}}hl, Philipp and Koltun, Vladlen},
booktitle = {NIPS},
title = {{Efficient inference in fully connected crfs with Gaussian edge potentials}},
year = {2011}
}
@inproceedings{Zhan2018,
    author = {Zhan, Huangying and Garg, Ravi and Weerasekera, Chamara Saroj and Li, Kejie and Agarwal, Harsh and Reid, Ian M.},
    booktitle = {CVPR},
    title = {{Unsupervised Learning of Monocular Depth Estimation and Visual Odometry with Deep Feature Reconstruction}},
    year = {2018}
}

@inproceedings{Garg2016,
    author = {Ravi Garg and
               B. G. Vijay Kumar and
               Gustavo Carneiro and
               Ian D. Reid},
    booktitle={CVPR},
    title = {Unsupervised CNN for single view depth estimation: Geometry to the rescue},
    year = {2016}
}
@article{2016Liu,
    author = {Liu, Fayao and Shen, Chunhua and Lin, Guosheng and Reid, Ian},
    journal = {PAMI},
    title = {{Learning Depth from Single Monocular Images Using Deep Convolutional Neural Fields}},
    year = {2016}
}

@inproceedings{Zhang2018fcn,

    author = {Zhang, Yiheng and Qiu, Zhaofan and Yao, Ting and Liu, Dong and Mei, Tao},
    booktitle = {CVPR},
    title = {{Fully Convolutional Adaptation Networks for Semantic Segmentation}},
    year = {2018}
}

@inproceedings{Ronneberger2015unet,
    author={Ronneberger, Olaf and Fischer, Philipp and Brox, Thomas},
    title = {U-net: Convolutional networks for biomedical image segmentation},
    booktitle = {MICCAI},
    year = {2015}
}
%相对深度
@inproceedings{Chen2016,
    author = {Chen, Weifeng and Fu, Zhao and Yang, Dawei and Deng, Jia},
    booktitle = {NIPS},
    title = {{Single-Image Depth Perception in the Wild}},
    year = {2016}
}
@inproceedings{Zoran2015,
    author = {Zoran, Daniel and Isola, Phillip and Krishnan, Dilip and Freeman, William T.},
    booktitle = {ICCV},
    title = {{Learning Ordinal Relationships for Mid-Level Vision Daniel}},
    year = {2016}
}
@inproceedings{Lee2019,
    author = {Lee, Jae and Han Kim and Chang,Su},
    booktitle = {CVPR},
    title = {Monocular Depth Estimation Using Relative Depth Maps},
    year = {2019}
}

@inproceedings{He2015resnet,
    author = {He, Kaiming and Zhang, Xiangyu and Ren, Shaoqing and Sun, Jian},
    booktitle = {CVPR},
    title = {{Deep residual learning for image recognition}},
    year = {2015}
}

@article{MinNav,
    author = {Wang,Dali},
    journal = {IJRR},
    title = {{MinNav: An Expandable Synthetic Dataset Based on Minecraft for Aircraft Visual Navigation}},
    year = {2020}
}

@inproceedings{ImageNet,
    author = {Jia,Deng and Dong,Wei},
    booktitle = {CVPR},
    title = {{ImageNet: A Large-Scale Hierarchical Image Database}},
    year = {2009}
}

%PYTORCH
@inproceedings{Paszke2017pytorch,
    author = {Adam Paszke},
    booktitle = {NIPS},
    title = {Automatic differentiation in prose},
    year = {2017}
}
%ADAM
@inproceedings{Kingma2015,
    author = {Kingma, Diederik P. and Ba, Jimmy Lei},
    booktitle = {ICLR},
    title = {{Adam: A method for stochastic optimization}},
    year = {2015}
}

@article{visdrone,
  author    = {Pengfei Zhu and
               Longyin Wen and
               Dawei Du and
               Xiao Bian and
               Qinghua Hu and
               Haibin Ling},
  title     = {Vision Meets Drones: Past, Present and Future},
  journal   = {CoRR},
  year      = {2020}
}

@misc{WDL2020,
  author       = {Wang, Xiantong},
  title        = {Self-Supervised Monocular Depth Estimation Using Statistical Masks},
  year         = {2020}
}